@BOOK{Groetschel.2005,
 author = {Martin Groetschel},
 year = {2005},
 title = {Schnelle Rundreisen: Das Travelling-Salesman-Problem},
 url = {https://www.zib.de/groetschel/pubnew/paper/groetschel2007a\_pp.pdf}
}

@MISC{Paper.2016,
 author = {Nuwan Ganganath; Chi-Tsun Cheng; Kai-Yin Fok; Chi K. Tse},
 year = {2016},
 title = {Trajectory planning for 3D printing: A revisit to traveling salesman problem},
 url = {http://ieeexplore.ieee.org/document/7486742/?part=1},
 keywords = {Paper, 3D Printing, TSP},
 publisher = {IEEE}
}

@BOOK{Chr76,
  author = {Christofides, Nicos},
  institution = {Graduate School of Industrial Administration, Carnegie Mellon University},
  title = {Worst-case analysis of a new heuristic for the travelling salesman problem},
  type = {Technical Report},
  year = 1976
}
